@book{gonzalez,
  author = {Gonzalez, Rafael C. and Woods, Richard E.},
  publisher = {Pearson},
  title = {Processamento Digital de Imagens},
  edition = 3,
  location = {São Paulo},
  year = {2009}
}

@article{rios,
  author = {Luiz Romário Santana Rios},
  title = {Visão Computacional},
  location = {Salvador},
  year = {2011}
}

@INPROCEEDINGS{dellaert, 
author={F. {Dellaert} and D. {Fox} and W. {Burgard} and S. {Thrun}}, 
booktitle={Proceedings 1999 IEEE International Conference on Robotics and Automation}, 
title={Monte Carlo localization for mobile robots}, 
year={1999}, 
volume={2}, 
number={}, 
pages={1322-1328 vol.2}, 
month={3}}

@book{siegwart,
  Author = {Roland Siegwart and Illah R. Nourbakhsh},
  Title = {Introduction to Autonomous Mobile Robots (Intelligent Robotics and Autonomous Agents series)},
  Publisher = {The MIT Press},
  Year = {2004}
}

@inproceedings{pakdaman,
author = {Pakdaman, Mehran and Sanaatiyan, Mohammad Mehdi and Rezaei, Mahdi},
year = {2010},
month = {03},
pages = {5 - 9},
title = {A line follower robot from design to implementation: Technical issues and problems}
}

@article{punetha,
author = {Punetha, Deepak and Kumar, Neeraj and Mehta, Vartika},
year = {2013},
month = {08},
pages = {2446-2450},
title = {Development and Applications of Line Following Robot Based Health Care Management System},
volume = {2},
journal = {International Journal of Advanced Research in Computer Engineering \& Technology (IJARCET)},
}

@ARTICLE{dobrev, 
author={Y. {Dobrev} and M. {Vossiek} and M. {Christmann} and I. {Bilous} and P. {Gulden}}, 
journal={IEEE Microwave Magazine}, 
title={Steady Delivery: Wireless Local Positioning Systems for Tracking and Autonomous Navigation of Transport Vehicles and Mobile Robots}, 
year={2017}, 
volume={18}, 
number={6}, 
pages={26-37},
month={9}}

@proceeding{hoff,
author = { William A. Hoff and Khoi Nguyen and Torsten Lyon},
title = {Computer-vision-based registration techniques for augmented reality},
volume = {2904},
year = {1996},
eprint = {}
}

@INPROCEEDINGS{das, 
author={A. {Das} and M. {Degeling} and X. {Wang} and J. {Wang} and N. {Sadeh} and M. {Satyanarayanan}}, 
booktitle={2017 IEEE Conference on Computer Vision and Pattern Recognition Workshops (CVPRW)}, 
title={Assisting Users in a World Full of Cameras: A Privacy-Aware Infrastructure for Computer Vision Applications}, 
year={2017}, 
volume={}, 
number={}, 
pages={1387-1396},
month={7},}

@online{opencv,
  author = {OpenCV},
  title = {Histogram Equalization},
  year = {2014},
  url = {https://docs.opencv.org/2.4.13.7/doc/tutorials/imgproc/histograms/histogram_equalization/histogram_equalization.html},
  urldate = {2019-04-22}
}

@online{opencv_erode_dilate,
  author = {OpenCV},
  title = {Eroding and Dilating},
  year = {2014},
  url = {https://docs.opencv.org/2.4/doc/tutorials/imgproc/erosion_dilatation/erosion_dilatation.html},
  urldate = {2019-05-09}
}

@online{opencv_doc_intro,
  author = {OpenCV},
  title = {Introduction},
  year = {2019},
  url = {https://docs.opencv.org/4.1.0/d1/dfb/intro.html},
  urldate = {2019-05-09}
}

@online{opencv_morph,
  author = {OpenCV},
  title = {Morphological Transformations},
  year = {2019},
  url = {https://docs.opencv.org/trunk/d9/d61/tutorial_py_morphological_ops.html},
  urldate = {2019-09-06}
}

@online{uci,
  author = {UCI},
  title = {Histogram Equalization},
  year = {2010},
  url = {https://www.math.uci.edu/icamp/courses/math77c/demos/hist_eq.pdf},
  urldate = {2019-04-22}
}

@inproceedings{wang,
author = {Wang, Chih-Ming Jack},
year = {1988},
month = {05},
pages = {1231 - 1235},
title = {Location Estimation and Uncertainty Analysis for Mobile Robots}
}

@article{guibas,
 author = {Guibas, Leonidas J. and Motwani, Rajeev and Raghavan, Prabhakar},
 title = {The Robot Localization Problem},
 journal = {SIAM J. Comput.},
 issue_date = {Aug. 1997},
 volume = {26},
 number = {4},
 month = aug,
 year = {1997},
 issn = {0097-5397},
 pages = {1120--1138},
 numpages = {19},
 publisher = {Society for Industrial and Applied Mathematics},
 address = {Philadelphia, PA, USA},
 keywords = {computational geometry, geometric algorithms, localization, robotics},
} 

@article{sezgin,
author = {Sezgin, M and Sankur, Bulent},
year = {2004},
month = {01},
pages = {146-168},
title = {Survey over image thresholding techniques and quantitative performance evaluation},
volume = {13},
journal = {Journal of Electronic Imaging}
}

@inproceedings{saravanan,
  doi = {10.1109/iccsp.2016.7754179},
  url = {https://doi.org/10.1109/iccsp.2016.7754179},
  year = {2016},
  month = apr,
  publisher = {{IEEE}},
  author = {G. Saravanan and G. Yamuna and S. Nandhini},
  title = {Real time implementation of {RGB} to {HSV}/{HSI}/{HSL} and its reverse color space models},
  booktitle = {2016 International Conference on Communication and Signal Processing ({ICCSP})}
}

@article{cheng,
  doi = {10.1016/s0031-3203(00)00149-7},
  url = {https://doi.org/10.1016/s0031-3203(00)00149-7},
  year = {2001},
  month = dec,
  publisher = {Elsevier {BV}},
  volume = {34},
  number = {12},
  pages = {2259--2281},
  author = {H.D. Cheng and X.H. Jiang and Y. Sun and Jingli Wang},
  title = {Color image segmentation: advances and prospects},
  journal = {Pattern Recognition}
}

@INPROCEEDINGS{shadeed, 
author={W. G. {Shadeed} and D. I. {Abu-Al-Nadi} and M. J. {Mismar}}, 
booktitle={10th IEEE International Conference on Electronics, Circuits and Systems, 2003. ICECS 2003. Proceedings of the 2003}, 
title={Road traffic sign detection in color images}, 
year={2003}, 
volume={2}, 
number={}, 
pages={890-893 Vol.2}, 
keywords={driver information systems;image colour analysis;image segmentation;road traffic sign detection;color images;smart system;autonomous vehicles;histogram equalization;light control;color segmentation;YUV color spaces;HSV color spaces;driver assistance systems;image segmentation;different light condition problems;Color;Histograms;Image segmentation;Lighting control;Layout;Image processing;Pixel;Intelligent vehicles;Remotely operated vehicles;Road vehicles}, 
doi={10.1109/ICECS.2003.1301930}, 
ISSN={}, 
month={Dec},}

@inproceedings{asfora,
  doi = {10.20906/cps/cob-2015-1649},
  url = {https://doi.org/10.20906/cps/cob-2015-1649},
  year = {2015},
  publisher = {{ABCM} Brazilian Society of Mechanical Sciences and Engineering},
  author = {Beatriz Arruda Asfora},
  title = {{EMBEDDED} {COMPUTER} {VISION} {SYSTEM} {APPLIED} {TO} A {FOUR}-{LEGGED} {LINE} {FOLLOWER} {ROBOT}},
  booktitle = {Proceedings of the 23rd {ABCM} International Congress of Mechanical Engineering}
}

@article{elhady,
  doi = {10.3844/jcssp.2014.1036.1044},
  url = {https://doi.org/10.3844/jcssp.2014.1036.1044},
  year = {2014},
  month = jun,
  publisher = {Science Publications},
  volume = {10},
  number = {6},
  pages = {1036--1044},
  author = {Walaa E. Elhady and Heba A. Elnemr and Gamal Selim},
  title = {{IMPLEMENTATION} {AND} {EVALUATION} {OF} {IMAGE} {PROCESSING} {TECHNIQUES} {ON} A {VISION} {NAVIGATION} {LINE} {FOLLOWER} {ROBOT}},
  journal = {Journal of Computer Science}
}

@article{keisner,
  doi = {10.17323/1995-459x.2016.2.7.27},
  url = {https://doi.org/10.17323/1995-459x.2016.2.7.27},
  year = {2016},
  month = jun,
  publisher = {National Research University,  Higher School of Economics ({HSE})},
  volume = {10},
  number = {20},
  pages = {7--27},
  author = {Andrew Keisner and Julio Raffo and Sacha Wunsch-Vincent},
  title = {Robotics: Breakthrough Technologies,  Innovation,  Intellectual Property},
  journal = {Foresight and {STI} Governance}
}

@article{hussain,
  doi = {10.1109/comst.2018.2869360},
  url = {https://doi.org/10.1109/comst.2018.2869360},
  year = {2018},
  publisher = {Institute of Electrical and Electronics Engineers ({IEEE})},
  pages = {1--1},
  author = {Rasheed Hussain and Sherali Zeadally},
  title = {Autonomous Cars: Research Results,  Issues and Future Challenges},
  journal = {{IEEE} Communications Surveys {\&} Tutorials}
}

@article{pulli,
 author = {Pulli, Kari and Baksheev, Anatoly and Kornyakov, Kirill and Eruhimov, Victor},
 title = {Real-time Computer Vision with OpenCV},
 journal = {Commun. ACM},
 issue_date = {June 2012},
 volume = {55},
 number = {6},
 month = jun,
 year = {2012},
 issn = {0001-0782},
 pages = {61--69},
 numpages = {9},
 url = {http://doi.acm.org/10.1145/2184319.2184337},
 doi = {10.1145/2184319.2184337},
 acmid = {2184337},
 publisher = {ACM},
 address = {New York, NY, USA},
}

@mastersthesis {costa,
    author = {Costa, Polyanna Possani},
    title = {Teoria dos grafos e suas aplicações},
    school = {Universidade Estadual Paulista, Instituto de Geociências e Ciências Exatas},
    year = 2011,
    type = {Dissertação - (mestrado)},
    url = {http://hdl.handle.net/11449/94358},
}

@book{netto,
  author = {Boaventura Netto, Paulo Oswaldo and Jurkiewicz, Samuel},
  publisher = {Blucher},
  title = {Grafos: Introdução e Pŕatica},
  edition = 2,
  location = {São Paulo},
  year = {2017}
}

@article{shrinivas,
  author = {Shrinivas, S.G. and Vetrivel, S. and Elango, N.M.},
  year = {2010},
  month = {09},
  pages = {},
  title = {APPLICATIONS OF GRAPH THEORY IN COMPUTER SCIENCE AN OVERVIEW},
  volume = {2},
  journal = {International Journal of Engineering Science and Technology}
}

@online{feofiloff,
  author = {Feofiloff, P. and Kohayakawa, Y. and Wakabayashi, Y.},
  title = {Uma Introdução Sucinta à Teoria dos Grafos},
  year = {2011},
  url = {https://www.ime.usp.br/~pf/teoriadosgrafos/texto/TeoriaDosGrafos.pdf},
  urldate = {2019-06-13}
}

@book{simoes,
  author = {Simões-Pereira, J. M. S.},
  publisher = {Interciência},
  title = {Grafos e redes: teoria e algoritmos básicos},
  edition = 1,
  location = {Rio de Janeiro},
  year = {2013}
}

@book{swamynathan,
 author = {Swamynathan, Manohar},
 title = {Mastering Machine Learning with Python in Six Steps: A Practical Implementation Guide to Predictive Data Analytics Using Python},
 year = {2017},
 isbn = {9781484228654},
 edition = {1},
 publisher = {Apress},
 address = {Berkely, CA, USA},
} 

@book{ebermam,
 author = {Ebermam, Elivelto and Pesente, Guilherme and Rios, Renan Osório and Pulini, Igor Carlos},
 title = {Programação para leigos com Raspberry Pi},
 year = {2017},
 edition = {1},
 publisher = {Edifes; Editora IFPB},
 address = {João Pessoa},
} 

@article{leonard,
  doi = {10.1109/70.88147},
  url = {https://doi.org/10.1109/70.88147},
  year = {1991},
  month = jun,
  publisher = {Institute of Electrical and Electronics Engineers ({IEEE})},
  volume = {7},
  number = {3},
  pages = {376--382},
  author = {J.J. Leonard and H.F. Durrant-Whyte},
  title = {Mobile robot localization by tracking geometric beacons},
  journal = {{IEEE} Transactions on Robotics and Automation}
}